@book{kincaid2002, 
	place={Pacific Grove, CA}, 
	edition={3}, 
	title={Numerical analysis: mathematics of scientific computing}, 
	publisher={Brooks/Cole}, 
	author={Kincaid, David and Cheney, Ward}, 
	year={2002}
}


@book{bishop2006, 
	place={New York}, 
	title={Pattern recognition and machine learning}, 
	publisher={Springer}, 
	author={Bishop, Christopher M.}, 
	year={2006}
}

@article{dempster1977maximum,
  title={Maximum likelihood from incomplete data via the EM algorithm},
  author={Dempster, Arthur P and Laird, Nan M and Rubin, Donald B},
  journal={Journal of the royal statistical society. Series B (methodological)},
  pages={1--38},
  year={1977},
  publisher={JSTOR}
}

@article{fan2016overview,
  title={An overview of the estimation of large covariance and precision matrices},
  author={Fan, Jianqing and Liao, Yuan and Liu, Han},
  journal={The Econometrics Journal},
  volume={19},
  number={1},
  pages={C1--C32},
  year={2016},
  publisher={Wiley Online Library}
}

@article{kinderman1977computer,
  title={Computer generation of random variables using the ratio of uniform deviates},
  author={Kinderman, Albert J and Monahan, John F},
  journal={ACM Transactions on Mathematical Software (TOMS)},
  volume={3},
  number={3},
  pages={257--260},
  year={1977},
  publisher={ACM}
}

@article{odell1966numerical,
  title={A numerical procedure to generate a sample covariance matrix},
  author={Odell, PL and Feiveson, AH},
  journal={Journal of the American Statistical Association},
  volume={61},
  number={313},
  pages={199--203},
  year={1966},
  publisher={Taylor \& Francis Group}
}

@article{sawyer2007wishart,
  title={Wishart Distributions and Inverse-Wishart Sampling},
  author={Sawyer, S},
  journal={URL: www. math. wustl. edu/sawyer/hmhandouts/Whishart. pdf},
  year={2007}
}

@article{collange2015numerical,
  title={Numerical reproducibility for the parallel reduction on multi-and many-core architectures},
  author={Collange, Sylvain and Defour, David and Graillat, Stef and Iakymchuk, Roman},
  journal={Parallel Computing},
  volume={49},
  pages={83--97},
  year={2015},
  publisher={Elsevier}
}

@article{whitehead2011precision,
  title={Precision \& performance: Floating point and IEEE 754 compliance for NVIDIA GPUs},
  author={Whitehead, Nathan and Fit-Florea, Alex},
  journal={rn (A+ B)},
  volume={21},
  number={1},
  pages={18749--19424},
  year={2011}
}

@article{harris2007optimizing,
  title={Optimizing cuda},
  author={Harris, Mark},
  journal={SC07: High Performance Computing With CUDA},
  year={2007}
}
